@article{owid,
    author = {Hannah Ritchie and Max Roser},
    title = {Indoor Air Pollution},
    journal = {Our World in Data},
    year = {2022},
    url = {https://ourworldindata.org/indoor-air-pollution},
    note = "[dostęp 18.12.2023]"
}

@article{co2-effects,
    title = {Effects of low-level inhalation exposure to carbon dioxide in indoor environments: A short review on human health and psychomotor performance},
    journal = {Environment International},
    volume = {121},
    pages = {51-56},
    year = {2018},
    issn = {0160-4120},
    doi = {https://doi.org/10.1016/j.envint.2018.08.059},
    url = {https://www.sciencedirect.com/science/article/pii/S0160412018312807},
    author = {Kenichi Azuma and Naoki Kagi and U. Yanagi and Haruki Osawa},
    note = "[dostęp 11.11.2023]"
}

@article{time-indoors,
  author          = "{Sabine Brasche, Wolfgang Bischof}",
  journal         = {International Journal of Hygiene and Environmental Health},
  number          = {4},
  title           = "{Daily time spent indoors in German homes – Baseline data for the assessment of indoor exposure of German occupants}",
  volume          = {208},
  year            = {2005},
  url             = "https://www.sciencedirect.com/science/article/abs/pii/S1438463905000635",
  note            = "[dostęp 11.11.2023]"
}

@online{manutan-bhp,
    author = "{Marlena Kusio, Manutan Polska Sp. z o.o.}",
    title = "Przepisy dotyczące odpowiedniej temperatury w miejscu pracy w 2023 roku",
    year = "2023",
    url = "https://www.manutan.pl/blog/jakie-sa-przepisy-odnosnie-temperatury-w-miejscu-pracy-w-2023-roku/",
    note = "[dostęp 11.11.2023]"
}

@online{rozp-bud,
    title = "Dz.U.2022.0.1225 t.j. - Rozporządzenie Ministra Infrastruktury z dnia 12 kwietnia 2002 r. w 
sprawie warunków technicznych, jakim powinny odpowiadać budynki i ich usytuowanie",
    addendum = "paragraf 134 punkt 2",
    url = "https://lexlege.pl/tech-war-budynkow/paragraf-134/",
    note = "[dostęp 11.11.2023]"
}

@online{who-cold,
	author = {World Health Organization and Barnard, Lucy Telfar and Howden-Chapman, Philippa and Clarke, Mike and Ludolph, Ramona},
	title = {WHO Housing and health guidelines: web annex C: report of the systematic review on the effects of insulation against cold on health},
	year = {2018},
	pages = {48 p.},
	publisher = {World Health Organization},
	type = {Technical documents},
    url = "https://iris.who.int/handle/10665/275840",
    note = "[dostęp 11.11.2023]"
}

@article{bmj-heat,
  author          = "{Antonio Gasparrini, Ben Armstrong, Sari Kovats, Paul Wilkinson}",
  journal         = {BMJ Journals},
  number          = {1},
  title           = {The effect of high temperatures on cause-specific mortality in England and Wales},
  volume          = {69},
  year            = {2011},
  url             = "https://oem.bmj.com/content/69/1/56.short",
  note            = "[dostęp 11.11.2023]",
}

@book{termodynamika,
  author         = "{Wiesław Pudlik}",
  editor         = "{Zdzisław Puhaczewski}",
  publisher      = {WYDAWNICTWO POLITECHNIKI GDAŃSKIEJ},
  title          = {TERMODYNAMIKA},
  year           = {2021},
  pages          = {297},
  url            = "https://pbc.gda.pl/Content/4098/pbc_termodynamika.pdf",
  note = "[dostęp 18.12.2023]"
}

@online{inz-bud,
    author = "{dr inż. Maciej Mijakowski}",
    addendum = {Wydawnictwo Polskiej Izby Inżynierów Budownictwa Sp. z o.o.},
    title = {Wilgotność powietrza w pomieszczeniach biurowych - wymagania, nawilżanie, osuszanie},
    year = {2019},
    url = "https://inzynierbudownictwa.pl/wilgotnosc-powietrza-w-pomieszczeniach-biurowych-wymagania-nawilzanie-osuszanie/",
    note = "[dostęp 11.11.2023]"
}

@article{low-hum,
    title = {Cold temperature and low humidity are associated with increased occurrence of respiratory tract infections},
    journal = {Respiratory Medicine},
    volume = {103},
    number = {3},
    pages = {456-462},
    year = {2009},
    issn = {0954-6111},
    doi = {https://doi.org/10.1016/j.rmed.2008.09.011},
    url = {https://www.sciencedirect.com/science/article/pii/S0954611108003429},
    author = {Tiina M. Mäkinen and Raija Juvonen and Jari Jokelainen and Terttu H. Harju and Ari Peitso and Aini Bloigu and Sylvi Silvennoinen-Kassinen and Maija Leinonen and Juhani Hassi},
    note            = "[dostęp 11.11.2023]",
}

@online{high-hum,
  author          = "{Baughman, A., \& Arens, E. A.}",
  title           = {Indoor Humidity and Human Health--Part I: Literature Review of Health Effects of Humidity-Influenced Indoor Pollutants},
  url             = "https://escholarship.org/uc/item/5kz1z9cg#main",
  note            = "[dostęp 11.11.2023]",
}

@online{pettenhofer,
    author = "Zintegrowana Platforma Edukacyjna",
    title = "Nadmiar dwutlenku węgla w powietrzu",
    url = "https://zpe.gov.pl/a/przeczytaj/DCJdTUwSi",
    note = "[dostęp 11.11.2023]"
}

@online{min-stezenia,
    title = "ROZPORZĄDZENIE MINISTRA RODZINY, PRACY I POLITYKI SPOŁECZNEJ
z dnia 12 czerwca 2018 r. w sprawie najwyższych dopuszczalnych stężeń i natężeń 
czynników szkodliwych dla zdrowia w środowisku pracy",
    addendum = "Zał. 1, wiersz Lp. 199",
    url = "https://sip.lex.pl/akty-prawne/dzu-dziennik-ustaw/najwyzsze-dopuszczalne-stezenia-i-natezenia-czynnikow-szkodliwych-dla-18733965",
    note = "[dostęp 11.11.2023]"
}

@article{atmo-co2-change,
    author = "Rebecca Lindsey",
    title = "Climate Change: Atmospheric Carbon Dioxide",
    journal = "Climate.gov",
    year = {2023},
    url = "https://www.climate.gov/news-features/understanding-climate/climate-change-atmospheric-carbon-dioxide",
    note = "[dostęp 11.11.2023]"
}

@article{50-percent,
    author = "Theo Stein",
    title = "Carbon dioxide now more than 50\% higher than pre-industrial levels",
    journal = "National Oceanic and Atmospheric Administration",
    year = {2022},
    url = "https://www.noaa.gov/news-release/carbon-dioxide-now-more-than-50-higher-than-pre-industrial-levels",
    note = "[dostęp 11.11.2023]"
}

@online{what-iqrf,
    author = "IQRF Tech s.r.o.",
    title = "What is IQRF?",
    url = "https://www.iqrf.org/what-is-iqrf",
    note = "[dostęp 13.11.2023]"
}

@online{iqrf-rules,
    author = "IQRF Tech s.r.o.",
    title = "IQMESH Network Deployment",
    url = "https://doc.iqrf.org/IQMESH-Network-deployment/",
    note = "[dostęp 13.11.2023]"
}

@online{iqrfmesh,
    author = "IQRF Tech s.r.o.",
    title = "IQMESH",
    url = "https://www.iqrf.org/technology/iqmesh",
    note = "[dostęp 13.11.2023]"
}

@online{dpa-guide,
    author = "MICRORISC s.r.o.",
    title = "IQRF DPA Framework V4.30 - Technical Guide",
    url = "https://doc.iqrf.org/DpaTechGuide/",
    note = "[dostęp 13.11.2023]"
}

@online{iqrfcloud-guide,
    author = "{MICRORISC s.r.o. \& CIS s.r.o.}",
    title = "IQRF Cloud Server Technical guide",
    url = "https://www.iqrfalliance.org/product_files/tech-guide-iqrf-cloud-150921.pdf",
    note = "[dostęp 14.11.2023]"
}

@online{protronix-comms,
    author = "Protronix s.r.o.",
    title = "NLB-IQRF-Communication",
    url = "https://www.careforair.eu/data/pdf/OST/an-NLB-IQRF-communication-en.pdf",
    note = "[dostęp 14.11.2023]"
}

@online{protronix-product,
    author = "Protronix s.r.o.",
    title = "NLB-CO2+RH+T-5-IQRF battery sensor",
    url = "https://www.careforair.eu/en/produkty/combined-sensors/co2-and-relative-humidity-sensors/nlb-co2rht-5-iqrf-battery-sensor/",
    note = "[dostęp 15.11.2023]"
}

@online{gateway-product,
    author = "IQRF Tech s.r.o.",
    title = "GW-ETH-02A Ethernet gateway",
    url = "https://www.iqrf.org/product-detail/gw-eth-02a",
    note = "[dostęp 15.11.2023]"
}

@online{fig-star-top,
    author = "Wikipedia",
    url = "https://en.wikipedia.org//wiki/Star_network#/media/File:Star_Topology.png",
    note = "[dostęp 14.11.2023]"
}

@online{fig-mesh-top,
    author = "Wikipedia",
    url = "https://en.wikipedia.org/wiki/Mesh_networking#/media/File:NetworkTopology-Mesh.svg",
    note = "[dostęp 14.11.2023]"
}

@online{iqrf-cloud,
    author = "Complete Internet Services s.r.o.",
    url = "https://cloud.iqrf.org/prihlasit/",
    note = "[dostęp 16.12.2023]"
}



@online{vue-js,
    author = "Evan You",
    url = "https://vuejs.org/",
    note = "[dostęp 8.12.2023]"
}

@online{nitro-js,
    author = "UnJS Team",
    url = "https://nitro.unjs.io/",
    note = "[dostęp 8.12.2023]"
}

@online{vite-js,
    author = "Evan You",
    url = "https://vitejs.dev/",
    note = "[dostęp 8.12.2023]"
}

@online{nuxt-js,
    author = "Nuxt",
    url = "https://nuxt.com/",
    note = "[dostęp 8.12.2023]"
}

@online{mongo-db,
    author = "{MongoDB, Inc.}",
    url = "https://www.mongodb.com/",
    note = "[dostęp 8.12.2023]"    
}

@online{prisma-io,
    author = "{Prisma Data, Inc.}",
    url = "https://www.prisma.io/",
    note = "[dostęp 8.12.2023]"
}

@online{tailwind-css,
    author = "TailwindCSS",
    url = "https://tailwindcss.com/",
    note = "[dostęp 8.12.2023]"
}

@online{chart-js,
    author = "Chart.js",
    url = "https://www.chartjs.org/",
    note = "[dostęp 8.12.2023]"
}

@online{vue-chartjs,
    author = "vue-chartjs",
    url = "https://vue-chartjs.org/",
    note = "[dostęp 8.12.2023]"
}

@online{typescript,
    author = "Microsoft",
    url = "https://www.typescriptlang.org/",
    note = "[dostęp 8.12.2023]"
}

@online{raspberry,
    author = "Raspberry Pi",
    url = "https://www.raspberrypi.com/products/raspberry-pi-4-model-b/specifications/",
    note = "[dostęp 26.03.2024]"
}

@online{dockerRPI,
    author = "Docker Inc.",
    url = "https://docs.docker.com/engine/install/debian/",
    note = "[dostęp 26.03.2024]"
}

@online{atlas,
    author = "MongoDB, Inc.",
    url = "https://www.mongodb.com/atlas/database",
    note = "[dostęp 26.03.2024]"
}